@INPROCEEDINGS{paper1,
  author={Demissie, Biniam Fisseha and Ranise, Silvio},
  booktitle={2021 IEEE International Conference on Smart Data Services (SMDS)}, 
  title={Assessing the Effectiveness of the Shared Responsibility Model for Cloud Databases: the Case of Googleâ€™s Firebase}, 
  year={2021},
  volume={},
  number={},
  pages={121-131},
  keywords={Access control;Databases;Conferences;Prototypes;Static analysis;Tools;Data models;firebase;cloud database;security rules;android apps;static analysis;security testing;database security},
  doi={10.1109/SMDS53860.2021.00026}}
@techreport{Taggart2021Amazon,
  author = {Taggart, M. T. and Roach, B. R. and Woods, P. W.},
  year = {2021},
  month = mar,
  institution = {Amazon Web Services},
  title = {Amazon {Web} {Services}: Risk and {Compliance}}
}

